@article{1,
    author = "D. Modesti",
    title = "Quiet Query: Scientists model how noise-reducing aircraft liners are a drag on efficiency",
    journal = "Swiss National Supercomputing Centre",
    year = "2022"
}

@book{2,
    author = {M.K. Myers},
    title = {On the acoustic boundary condition in the presence of flow},
    publisher = {Journal of Sound and Vibration},
    year = {1980}
}

@book{4,
  title={Elementary numerical methods for double integrals},
  author={C. Grant and E. Talvila},
  url={https://arxiv.org/pdf/1905.05805.pdf},
  year={2019},
  publisher={BC Canada}
}

@book{6,
    author = {Y. Aurégan, R. Starobinski, and V. Pagneux},
    title = {Inﬂuence of grazing ﬂow and dissipation effects on the acoustic boundary conditions at a lined wall},
    publisher = {The Journal of the Acoustical Society of America},
    year = {2001}
}