@book{2,
  title={Mathematical modeling of time-harmonic aerocoustics wtih a generalized impedance boundary condition},
  author={E. Luneville and JF. Mercier},
  url={https://www.esaim-m2an.org/articles/m2an/abs/2014/05/m2an140008/m2an140008.html},
  year={2014},
  publisher={ESAIM}
}

@book{3,
  title={Polycopié du cours de la 2ème année, ST5-57, MDS, “Contrôle des Ondes”},
  author={A. Rozanova-Pierrat},
  year={2021},
  publisher={CentraleSupélec}
}

@book{4,
  title={Elementary numerical methods for double integrals},
  author={C. Grant and E. Talvila},
  url={https://arxiv.org/pdf/1905.05805.pdf},
  year={2019},
  publisher={BC Canada}
}