@book{2,
  title={Polynomial algorithms for computing the Smith and Hermite normal forms of an integer matrix},
  author={Ravindran Kannan and Achim Bachem},
  url={https://www.researchgate.net/publication/220617516_Polynomial_Algorithms_for_Computing_the_Smith_and_Hermite_Normal_Forms_of_an_Integer_Matrix},
  year={1978},
  publisher={Siam J. Computing}
}