@book{1,
    title={Introduction to Data Mining (Second Edition)},
    author={Pang-Ning Tan and Michael Steinbach and Anuj Karpatne and Vipin Kumar},
    url={https://www-users.cse.umn.edu/~kumar001/dmbook/index.php},
    year={2021},
    publisher={University of Minnesota}
}
