@book{2,
  title={A Heuristic Quasi-Polynomial Algorithm for Discrete Logarithm in Finite Fields of Small Characteristic},
  author={Razvan Barbulescu and Pierrick Gaudry and Antoine Joux and Emmanuel Thom√©},
  url={https://link.springer.com/chapter/10.1007/978-3-642-55220-5_1},
  year={2014},
  publisher={Eurocrypt},
  pages = {1-16}
}
